@article{braiker1979conflict,
  title={Conflict in the development of close relationships},
  author={Braiker, Harriet B and Kelley, Harold H},
  journal={Social exchange in developing relationships},
  volume={135},
  pages={168},
  year={1979}
}
@article{noll1998mediational,
  title={A mediational model linking self-objectification, body shame, and disordered eating},
  author={Noll, Stephanie M and Fredrickson, Barbara L},
  journal={Psychology of women quarterly},
  volume={22},
  number={4},
  pages={623--636},
  year={1998},
  publisher={Wiley Online Library}
}
