@article{saez2019objectification,
  title={Objectification in heterosexual romantic relationships: Examining relationship satisfaction of female objectification recipients and male objectifying perpetrators},
  author={S{\'a}ez, Gemma and Riemer, Abigail R and Brock, Rebecca L and Gervais, Sarah J},
  journal={Sex Roles},
  volume={81},
  number={5},
  pages={370--384},
  year={2019},
  publisher={Springer}
}
@article{ramsey2015object,
  title={The object of desire: How being objectified creates sexual pressure for women in heterosexual relationships},
  author={Ramsey, Laura R and Hoyt, Tiffany},
  journal={Psychology of Women Quarterly},
  volume={39},
  number={2},
  pages={151--170},
  year={2015},
  publisher={Sage Publications Sage CA: Los Angeles, CA}
}
@article{ramsey2017sexualized,
  title={Sexualized, objectified, but not satisfied: Enjoying sexualization relates to lower relationship satisfaction through perceived partner-objectification},
  author={Ramsey, Laura R and Marotta, Justin A and Hoyt, Tiffany},
  journal={Journal of Social and Personal Relationships},
  volume={34},
  number={2},
  pages={258--278},
  year={2017},
  publisher={SAGE Publications Sage UK: London, England}
}
@article{mahar2020partner,
  title={Partner--objectification in romantic relationships: A dyadic approach},
  author={Mahar, Elizabeth A and Webster, Gregory D and Markey, Patrick M},
  journal={Personal Relationships},
  volume={27},
  number={1},
  pages={4--26},
  year={2020},
  publisher={Wiley Online Library}
}
@article{meltzer2014tell,
  title={“Tell me I'm sexy... and otherwise valuable”: Body valuation and relationship satisfaction},
  author={Meltzer, Andrea L and McNulty, James K},
  journal={Personal Relationships},
  volume={21},
  number={1},
  pages={68--87},
  year={2014},
  publisher={Wiley Online Library}
}
@article{zurbriggen2011self,
  title={Self-and partner-objectification in romantic relationships: Associations with media consumption and relationship satisfaction},
  author={Zurbriggen, Eileen L and Ramsey, Laura R and Jaworski, Beth K},
  journal={Sex roles},
  volume={64},
  number={7},
  pages={449--462},
  year={2011},
  publisher={Springer}
}
@article{visser2014enjoyment,
  title={Enjoyment of sexualization: Is it different for men?},
  author={Visser, Beth A and Sultani, Farah and Choma, Becky L and Pozzebon, Julie A},
  journal={Journal of Applied Social Psychology},
  volume={44},
  number={7},
  pages={495--504},
  year={2014},
  publisher={Wiley Online Library}
}
@article{cole2013body,
  title={Body surveillance and body shame in college men: Are men who self-objectify less hopeful?},
  author={Cole, Brian P and Davidson, M Meghan and Gervais, Sarah J},
  journal={Sex Roles},
  volume={69},
  number={1},
  pages={29--41},
  year={2013},
  publisher={Springer}
}
@article{strelan2018birds,
  title={Birds of a feather flock together: The interpersonal process of objectification within intimate heterosexual relationships},
  author={Strelan, Peter and Pagoudis, Stephenie},
  journal={Sex Roles},
  volume={79},
  number={1},
  pages={72--82},
  year={2018},
  publisher={Springer}
}
@article{sciangula2009self,
  title={Self-esteem and perceived regard: How I see myself affects my relationship satisfaction},
  author={Sciangula, Antonella and Morry, Marian M},
  journal={The Journal of social psychology},
  volume={149},
  number={2},
  pages={143--158},
  year={2009},
  publisher={Taylor \& Francis}
}
@article{strelan2005women,
  title={Women who objectify other women: The vicious circle of objectification?},
  author={Strelan, Peter and Hargreaves, Duane},
  journal={Sex roles},
  volume={52},
  number={9},
  pages={707--712},
  year={2005},
  publisher={Springer}
}
@article{gervais2011you,
  title={When what you see is what you get: The consequences of the objectifying gaze for women and men},
  author={Gervais, Sarah J and Vescio, Theresa K and Allen, Jill},
  journal={Psychology of Women Quarterly},
  volume={35},
  number={1},
  pages={5--17},
  year={2011},
  publisher={Sage Publications Sage CA: Los Angeles, CA}
}
@article{fredrickson1997objectification,
  title={Objectification theory: Toward understanding women's lived experiences and mental health risks},
  author={Fredrickson, Barbara L and Roberts, Tomi-Ann},
  journal={Psychology of women quarterly},
  volume={21},
  number={2},
  pages={173--206},
  year={1997},
  publisher={Wiley Online Library}
}
@article{meltzer2017women,
  title={Women like being valued for sex, as long as it is by a committed partner},
  author={Meltzer, Andrea L and McNulty, James K and Maner, Jon K},
  journal={Archives of Sexual Behavior},
  volume={46},
  number={2},
  pages={475--488},
  year={2017},
  publisher={Springer}
}
@article{teng2015sexual,
  title={Sexual objectification pushes women away: The role of decreased likability},
  author={Teng, Fei and Chen, Zhansheng and Poon, Kai-Tak and Zhang, Denghao},
  journal={European Journal of Social Psychology},
  volume={45},
  number={1},
  pages={77--87},
  year={2015},
  publisher={Wiley Online Library}
}
@article{lameiras2018objectifying,
  title={Objectifying women’s bodies is acceptable from an Intimate Perpetrator, at least for female sexists},
  author={Lameiras-Fern{\'a}ndez, Mar{\'\i}a and Fiske, Susan T and Fern{\'a}ndez, Antonio Gonz{\'a}lez and Lopez, Jos{\'e} F},
  journal={Sex roles},
  volume={79},
  number={3},
  pages={190--205},
  year={2018},
  publisher={Springer}
}
@article{meltzer2020women,
  title={Women can benefit from sexual and physical valuation in the context of a romantic relationship},
  author={Meltzer, Andrea L},
  journal={Personality and Social Psychology Bulletin},
  volume={46},
  number={2},
  pages={243--257},
  year={2020},
  publisher={Sage Publications Sage CA: Los Angeles, CA}
}
@article{choma2010self,
  title={Self-objectification, self-esteem, and gender: Testing a moderated mediation model},
  author={Choma, Becky L and Visser, Beth A and Pozzebon, Julie A and Bogaert, Anthony F and Busseri, Michael A and Sadava, Stanley W},
  journal={Sex roles},
  volume={63},
  number={9},
  pages={645--656},
  year={2010},
  publisher={Springer}
}
@article{teran2021relational,
  title={The relational burden of objectification: Exploring how past experiences of interpersonal sexual objectification are related to relationship competencies},
  author={Ter{\'a}n, Larissa and Jiao, Jian and Aubrey, Jennifer Stevens},
  journal={Sex Roles},
  volume={84},
  number={9},
  pages={610--625},
  year={2021},
  publisher={Springer}
}
@article{newheiser2010others,
  title={Others as objects: How women and men perceive the consequences of self-objectification},
  author={Newheiser, Anna-Kaisa and LaFrance, Marianne and Dovidio, John F},
  journal={Sex Roles},
  volume={63},
  number={9},
  pages={657--671},
  year={2010},
  publisher={Springer}
}

